@article{Leontyuk_2019,
	year = 2019,
	publisher = {{IOP} Publishing},
	volume = {1384},
	number = {1},
	author = {S M Leontyuk and A A Vinogradova and M O Silivanov},
	title = {Fundamentals of {ISO} 9001:2015},
	journal = {Journal of Physics: Conference Series},
}
@article{sytko2017instrumentation,
  title={Instrumentation for measuring the parameters and characteristics of four-poles},
  author={Sytko, II and Kremcheeva, DA},
  journal={International Journal of Mechanical Engineering and Technology},
  volume={8},
  number={10},
  year={2017},
  publisher={IAEME Publication}
}
@Inbook{mai2020grundlage,
author="Mai, Florian",
title="Grundlagen des Qualit{\"a}tsmanagements nach DIN EN ISO 9000:2015",
bookTitle="Qualit{\"a}tsmanagement in der Bildungsbranche: Ein Leitfaden f{\"u}r Bildungseinrichtungen und Lerndienstleister",
year="2020",
publisher="Springer Fachmedien Wiesbaden",
address="Wiesbaden",
}
@article{din20059000,
  title={9000 Qualit{\"a}tsmanagementsysteme--Grundlagen und Begriffe (ISO 9000: 2005)},
  author={DIN, ENISO},
  journal={Dreisprachige Fassung EN ISO},
  volume={9000},
  year={2005}
}
@book{normungsinstitut2009qualitatsmanagementsysteme,
  title={Qualit{\"a}tsmanagementsysteme: Anforderungen},
  author={Normungsinstitut, {\"O}sterreichisches},
  year={2009},
  publisher={{\"O}sterreichisches Normungsinstitut}
}
@article{yeung2003empirical,
  title={An empirical taxonomy for quality management systems: a study of the Hong Kong electronics industry},
  author={Yeung, ACL and Chan, LY and Lee, TS},
  journal={Journal of Operations Management},
  volume={21},
  number={1},
  year={2003},
  publisher={Elsevier}
}
@article{ibrahim2019digital,
  title={Digital quality management systems: Benefits and challenges},
  author={Ibrahim, Raed},
  journal={Proceedings on Engineering Sciences},
  volume={1},
  number={2},
  year={2019}
}
@book{brugger2016din,
  title={Die DIN EN ISO 9001: 2015 verstehen: Die Norm sicher interpretieren und sinnvoll umsetzen},
  author={Brugger-Gebhardt, Simone},
  year={2016},
  publisher={Springer}
}
@electronic{pfeifer2021masing,
  address = {München},
  edition = {7., überarbeitete Auflage},
  editor = {Pfeifer, Tilo and Schmitt, Robert},
  hdsurl = {https://hds.hebis.de/thm/Record/HEB467124132},
  isbn = {9783446466210},
  keywords = {},
  title = {Masing Handbuch Qualitätsmanagement},
  uniqueid = {HEB467124132},
  url = {https://www.hanser-elibrary.com/doi/book/10.3139/9783446466210},
  year = 2021
}
@electronic{gross2017professionelle,
  address = {Wiesbaden},
  author = {Groß, Christoph and Pfennig, Roland},
  edition = {1st ed. 2017},
  hdsurl = {https://hds.hebis.de/thm/Record/HEB402717910},
  isbn = {9783658147273},
  keywords = {},
  title = {Professionelle Softwareauswahl und -einführung in der Logistik : Leitfaden von der Prozessanalyse bis zur Einsatzoptimierung},
  uniqueid = {HEB402717910},
  url = {https://doi.org/10.1007/978-3-658-14727-3},
  year = 2017
}

@INPROCEEDINGS{alexandrova2020Information,  
author={Aleksandrova, Svetlana V. and Vasiliev, Victor A. and Aleksandrov, Mark N.},  
booktitle={2020 International Conference Quality Management, Transport and Information Security, Information Technologies (IT QM IS)},   title={Information Systems and Technologies in Quality Management},   year={2020},  
pages={173-175},  
doi={10.1109/ITQMIS51053.2020.9322959}
}

@electronic{teich2008richtige,
  address = {Berlin, Heidelberg},
  author = {Teich, Irene and Kolbenschlag, Walter and Reiners, Wilfried},
  edition = {1st ed. 2008},
  hdsurl = {https://hds.hebis.de/thm/Record/HEB198443560},
  isbn = {9783540712626},
  keywords = {},
  title = {Der richtige Weg zur Softwareauswahl : Lastenheft, Pflichtenheft, Compliance, Erfolgskontrolle},
  uniqueid = {HEB198443560},
  url = {https://doi.org/10.1007/978-3-540-71262-6},
  year = 2008
}
