@misc{berensmann2018anforderungen,
  abstract = {Copyright of Bundesgesundheitsblatt - Gesundheitsforschung - Gesundheitsschutz is the property of Springer Nature and its content may not be copied or emailed to multiple sites or posted to a listserv without the copyright holder's express written permission. However, users may print, download, or email articles for individual use. This abstract may be abridged. No warranty is given about the accuracy of the copy. Users should refer to the original published version of the material for the full abstract. (Copyright applies to all Abstracts.)},
  author = {Berensmann, Michael and Gratzfeld, Markus},
  interhash = {e0871e652b7bc75f94f2b3945c5aea49},
  intrahash = {b1528c5f39cb11885df3e74b7290d056},
  journal = {Bundesgesundheitsblatt - Gesundheitsforschung - Gesundheitsschutz},
  month = {3},
  number = 3,
  title = {Anforderungen f√ºr die CE-Kennzeichnung von Apps und Wearables. (German)},
  uniqueid = {128215064|edb},
  volume = 61,
  year = 2018
}

