@article{Leontyuk2019Fundamentals,
	doi = {10.1088/1742-6596/1384/1/012068},
	url = {https://doi.org/10.1088/1742-6596/1384/1/012068},
	year = 2019,
	month = {nov},
	publisher = {{IOP} Publishing},
	volume = {1384},
	number = {1},
	pages = {012068},
	author = {S M Leontyuk and A A Vinogradova and M O Silivanov},
	title = {Fundamentals of {ISO} 9001:2015},
	journal = {Journal of Physics: Conference Series},
	abstract = {The choice of an effective quality management system is a non-trivial task which requires a special approach. We consider the main changes in the new edition of the international standard for quality management systems ISO 9001: 2015, its impact on the workflow and benefits.}
}