@INPROCEEDINGS{lontsikh2021business,
  author={Lontsikh, Pawel A. and Livshitz, Ilia I. and Rodionov, Nikita S. and Tatarnikova, Lyudmila I.},
  booktitle={2021 International Conference on Quality Management, Transport and Information Security, Information Technologies (IT QM IS)}, 
  title={Business Process Management System Modernization Using Neural Technologies}, 
  year={2021},
  volume={},
  number={},
  pages={183-186},
  doi={10.1109/ITQMIS53292.2021.9642790}}
