@Inbook{Mai2020,
author="Mai, Florian",
title="Grundlagen des Qualit{\"a}tsmanagements nach DIN EN ISO 9000:2015",
bookTitle="Qualit{\"a}tsmanagement in der Bildungsbranche: Ein Leitfaden f{\"u}r Bildungseinrichtungen und Lerndienstleister",
year="2020",
publisher="Springer Fachmedien Wiesbaden",
address="Wiesbaden",
pages="53--73",
abstract="Die Grundlagen des Qualit{\"a}tsmanagements basieren {\"u}berwiegend auf den Inhalten der ISO 9000:2015. Sie kann als eine Mutternorm aller anderen Normen verstanden werden und legt alle allgemeinen Begriffe, Definitionen und Verst{\"a}ndnisgrundlagen fest. Will eine Bildungseinrichtung ein lebendiges Qualit{\"a}tsmanagement implementieren und aufrechterhalten, muss sie die richtigen Voraussetzungen kennen und Qualit{\"a}tsmanagement von der Pike auf erlernen. Die ISO 9000:2015 ist hierf{\"u}r die ideale Basis. Insbesondere das Verstehen der Konzepte und Grunds{\"a}tze ist essenziell, um einen Gesamtzusammenhang zwischen Normung, Normanwendung und Konformit{\"a}tsbewertung herzustellen. Mit der neuen High Level Structure sind drei essenzielle Bestandteile eingef{\"u}hrt worden, die k{\"u}nftig Bestandteil jedes Managementstandards werden. Das Verstehen und Umsetzen von PDCA, dem prozessorientierten Ansatz und risikobasierten Denkens ist unumg{\"a}nglich, wenn ein komplexes und lebendiges Qualit{\"a}tsmanagement aufgebaut und aufrechterhalten werden soll.",
isbn="978-3-658-27004-9",
doi="10.1007/978-3-658-27004-9_3",
url="https://doi.org/10.1007/978-3-658-27004-9_3"
}

