@electronic{teich2008richtige,
  address = {Berlin, Heidelberg},
  author = {Teich, Irene and Kolbenschlag, Walter and Reiners, Wilfried},
  edition = {1st ed. 2008},
  hdsurl = {https://hds.hebis.de/thm/Record/HEB198443560},
  isbn = {9783540712626},
  keywords = {},
  title = {Der richtige Weg zur Softwareauswahl : Lastenheft, Pflichtenheft, Compliance, Erfolgskontrolle},
  uniqueid = {HEB198443560},
  url = {https://doi.org/10.1007/978-3-540-71262-6},
  year = 2008
}

